<record><leader>00000cas a2200000 a 4500</leader><controlfield tag="001">21369756</controlfield><controlfield tag="008">900413d19341935iluwr ne      0   a0eng c</controlfield><datafield ind1=" " ind2=" " tag="010"><subfield code="a">sn 90054483 </subfield></datafield><datafield ind1=" " ind2=" " tag="040"><subfield code="a">NVF</subfield><subfield code="b">eng</subfield><subfield code="c">NVF</subfield><subfield code="d">NVF</subfield><subfield code="d">OCLCQ</subfield><subfield code="d">NVF</subfield><subfield code="d">OCLCF</subfield><subfield code="d">OCLCO</subfield><subfield code="d">OCL</subfield></datafield><datafield ind1=" " ind2=" " tag="042"><subfield code="a">pcc</subfield></datafield><datafield ind1=" " ind2=" " tag="043"><subfield code="a">n-us-il</subfield></datafield><datafield ind1="0" ind2="0" tag="245"><subfield code="a">Eastern McLean County news.</subfield></datafield><datafield ind1=" " ind2=" " tag="260"><subfield code="a">Colfax, Ill. :</subfield><subfield code="b">Harold D. Willis,</subfield><subfield code="c">1934-1935.</subfield></datafield><datafield ind1=" " ind2=" " tag="300"><subfield code="a">v.</subfield></datafield><datafield ind1=" " ind2=" " tag="310"><subfield code="a">Weekly</subfield></datafield><datafield ind1="0" ind2=" " tag="362"><subfield code="a">Vol. 46, no. 16 (Nov. 22, 1934)-v. 46, no. 24 (Jan. 17, 1935).</subfield></datafield><datafield ind1=" " ind2="0" tag="651"><subfield code="a">McLean County (Ill.)</subfield><subfield code="v">Newspapers.</subfield></datafield><datafield ind1=" " ind2="0" tag="651"><subfield code="a">Colfax (Ill.)</subfield><subfield code="v">Newspapers.</subfield></datafield><datafield ind1=" " ind2="7" tag="651"><subfield code="a">Illinois</subfield><subfield code="z">Colfax</subfield><subfield code="2">fast</subfield><subfield code="0">(OCoLC)fst01883809</subfield></datafield><datafield ind1=" " ind2="7" tag="651"><subfield code="a">Illinois</subfield><subfield code="z">McLean County.</subfield><subfield code="2">fast</subfield><subfield code="0">(OCoLC)fst01208904</subfield></datafield><datafield ind1=" " ind2="7" tag="655"><subfield code="a">Newspapers.</subfield><subfield code="2">fast</subfield><subfield code="0">(OCoLC)fst01423814</subfield></datafield><datafield ind1=" " ind2=" " tag="752"><subfield code="a">United States</subfield><subfield code="b">Illinois</subfield><subfield code="c">McLean</subfield><subfield code="d">Colfax.</subfield></datafield><datafield ind1="0" ind2="0" tag="780"><subfield code="t">Colfax press (Colfax, Ill. : 1897)</subfield><subfield code="w">(DLC)sn 90054478</subfield><subfield code="w">(OCoLC)21369583</subfield></datafield><datafield ind1="0" ind2="0" tag="785"><subfield code="t">Eastern McLean County news the Colfax press</subfield><subfield code="w">(DLC)sn 90054488</subfield><subfield code="w">(OCoLC)21369828</subfield></datafield><datafield ind1="1" ind2=" " tag="029"><subfield code="a">AU@</subfield><subfield code="b">000020587128</subfield></datafield></record>